<?xml version="1.0" encoding="UTF-8"?><collection xmlns="http://www.loc.gov/MARC21/slim"><record><leader>00520nam--2200193-i-4500</leader><controlfield tag="001">000005955</controlfield><controlfield tag="002">20161230</controlfield><controlfield tag="005">20161230201026</controlfield><controlfield tag="008">060222s1000------------r-----000-0-ita-d</controlfield><datafield ind1=" " ind2=" " tag="040"><subfield code="a">IFIN-HH</subfield></datafield><datafield ind1=" " ind2=" " tag="041"><subfield code="a">ita</subfield></datafield><datafield ind1=" " ind2=" " tag="080"><subfield code="a">539</subfield></datafield><datafield ind1="1" ind2=" " tag="100"><subfield code="a">Castelfranchi, Gaetano</subfield></datafield><datafield ind1="1" ind2="0" tag="245"><subfield code="a">Fisica moderna atomica e nucleare</subfield><subfield code="c">Gaetano castelfranchi</subfield></datafield><datafield ind1=" " ind2=" " tag="250"><subfield code="a">Decima Edizione Completamente Rinnovata</subfield></datafield><datafield ind1=" " ind2=" " tag="260"><subfield code="a">Milano</subfield><subfield code="b">Editore Ulrico Hoepli</subfield><subfield code="c">1959</subfield></datafield><datafield ind1=" " ind2=" " tag="300"><subfield code="a">709 P</subfield></datafield><datafield ind1=" " ind2=" " tag="852"><subfield code="a">17479</subfield><subfield code="c">539</subfield></datafield><datafield ind1=" " ind2=" " tag="CAT"><subfield code="a">Sys</subfield><subfield code="c">20110927</subfield><subfield code="h">110729</subfield></datafield></record></collection>